
@article{graves2005framewise,
  title={Framewise phoneme classification with bidirectional LSTM and other neural network architectures},
  author={Graves, Alex and Schmidhuber, J{\"u}rgen},
  journal={Neural Networks},
  volume={18},
  number={5},
  pages={602--610},
  year={2005},
  publisher={Elsevier}
}

@misc{olah2015lstm,
  title={Understanding LSTM Networks},
  author={Olah, Christopher},
  journal={colah.github.io},
  year={2015}
}
@inproceedings{roberts2014decomposing,
  title={Decomposing consumer health questions},
  author={Roberts, Kirk and Kilicoglu, Halil and Fiszman, Marcelo and Demner-Fushman, Dina},
  booktitle={BioNLP Workshop},
  pages={29--37},
  year={2014}
}
@book{tataWacanaBahasa,
  author    = {Harimurti Kridalaksana},
  title     = {Tata Wacana Deskriptif Bahasa Indonesia},
  publisher = {Universitas Indonesia},
  year      = 1999,
  volume    = 1,
  series    = 1,
  address   = {The address},
  edition   = 1,
  month     = 7,
  note      = {},
  isbn      = {}
}

@article{gong2009improving,
  title={Improving keyword based web image search with visual feature distribution and term expansion},
  author={Gong, Zhiguo and Liu, Qian},
  journal={Knowledge and Information Systems},
  volume={21},
  number={1},
  pages={113--132},
  year={2009},
  publisher={Springer}
}

@article{zhang2014topic,
  title={A topic clustering approach to finding similar questions from large question and answer archives},
  author={Zhang, Wei-Nan and Liu, Ting and Yang, Yang and Cao, Liujuan and Zhang, Yu and Ji, Rongrong},
  journal={PloS one},
  volume={9},
  number={3},
  pages={e71511},
  year={2014},
  publisher={Public Library of Science}
}

@inproceedings{jeon2005translation,
  title={Finding similar questions in large question and answer archives},
  author={Jeon, Jiwoon and Croft, W Bruce and Lee, Joon Ho},
  booktitle={Proceedings of the 14th ACM international conference on Information and knowledge management},
  pages={84--90},
  year={2005},
  organization={ACM}
}

@article{nassif2016article,
  title={Learning semantic relatedness in community question answering using neural models},
  author={Nassif, Henry and Mohtarami, Mitra and Glass, James},
  journal={ACL 2016},
  pages={137},
  year={2016}
}

@phdthesis{nassif2016thesis,
  title={Learning Sentiment and Semantic Relatedness in User Generated Content Using Neural Models},
  author={Nassif, Henry Michel},
  year={2016},
  school={Massachusetts Institute of Technology}
}

@inproceedings{mikolov2013wordembed,
  title={Distributed representations of words and phrases and their compositionality},
  author={Mikolov, Tomas and Sutskever, Ilya and Chen, Kai and Corrado, Greg S and Dean, Jeff},
  booktitle={Advances in neural information processing systems},
  pages={3111--3119},
  year={2013}
}

@article{deerwester1990indexing,
  title={Indexing by latent semantic analysis},
  author={Deerwester, Scott and Dumais, Susan T and Furnas, George W and Landauer, Thomas K and Harshman, Richard},
  journal={Journal of the American society for information science},
  volume={41},
  number={6},
  pages={391},
  year={1990},
  publisher={American Documentation Institute}
}

@inproceedings{liu2009wordvec,
  title={Searching semantically similar questions from a large community-based question archive},
  author={Liu, Mingrong and Liu, Yicen and Yang, Qing},
  booktitle={Natural Language Processing and Knowledge Engineering, 2009. NLP-KE 2009. International Conference on},
  pages={1--8},
  year={2009},
  organization={IEEE}
}

@inproceedings{duan2008mdl,
  title={Searching Questions by Identifying Question Topic and Question Focus.},
  author={Duan, Huizhong and Cao, Yunbo and Lin, Chin-Yew and Yu, Yong},
  booktitle={ACL},
  pages={156--164},
  year={2008}
}

@inproceedings{wang2009syntactic,
  title={A syntactic tree matching approach to finding similar questions in community-based qa services},
  author={Wang, Kai and Ming, Zhaoyan and Chua, Tat-Seng},
  booktitle={Proceedings of the 32nd international ACM SIGIR conference on Research and development in information retrieval},
  pages={187--194},
  year={2009},
  organization={ACM}
}

@article{blei2003lda,
  title={Latent dirichlet allocation},
  author={Blei, David M and Ng, Andrew Y and Jordan, Michael I},
  journal={Journal of machine Learning research},
  volume={3},
  number={Jan},
  pages={993--1022},
  year={2003}
}

@inproceedings{wang2015retrievalICHI,
  title={Retrieval of Semantically Similar Healthcare Questions in Healthcare Forums},
  author={Wang, Yanshan and Mehrabi, Saeed and Mojarad, Majid Rastegar and Li, Dingcheng and Liu, Hongfang},
  booktitle={Healthcare Informatics (ICHI), 2015 International Conference on},
  pages={517--518},
  year={2015},
  organization={IEEE}
}

@inproceedings{alodadi2015similarityICHI,
  title={Similarity in patient support forums using TF-IDF and cosine similarity metrics},
  author={Alodadi, Mohammad and Janeja, Vandana P},
  booktitle={Healthcare Informatics (ICHI), 2015 International Conference on},
  pages={521--522},
  year={2015},
  organization={IEEE}
}

@inproceedings{han2015didICHI,
  title={Did You Know? A Rule-Based Approach to Finding Similar Questions on Online Health Forums},
  author={Han, Jianglei and Nandan, Naveen and Sun, Aixin},
  booktitle={Healthcare Informatics (ICHI), 2015 International Conference on},
  pages={513--514},
  year={2015},
  organization={IEEE}
}

@inproceedings{samuel2015goldenICHI,
  title={Golden Retriever: Question Retrieval System},
  author={Samuel, Hamman W and Kim, Mi-Young and Prabhakar, Sankalp and Shazan, Mohomed and Jabbar, Mohomed},
  booktitle={Healthcare Informatics (ICHI), 2015 International Conference on},
  pages={519--520},
  year={2015},
  organization={IEEE}
}

@bachelorsthesis{skripsiKakAbid,
	author       = {Raditya Herwando}, 
	title        = {Pemrosesan Pertanyaan Pada Sistem Tanya Jawab Bidang Kesehatan Dengan Pendekatan Pembelajaran
	Mesin},
	school       = {Universitas Indonesia},
	year         = 2016,
	address      = {Kampus UI Depok},
	month        = 6
}

@bachelorsthesis{skripsiWahid,
	author       = {Wahid Nur Rohman}, 
	title        = {Pengenalan Entitas Kesehatan pada Forum Kesehatan
	Online dengan Menggunakan Recurrent Neural Networks},
	school       = {Universitas Indonesia},
	year         = 2017,
	address      = {Kampus UI Depok},
	month        = 1
}
@article{cao2010automatically,
	title={Automatically extracting information needs from complex clinical questions},
	author={Cao, Yong-gang and Cimino, James J and Ely, John and Yu, Hong},
	journal={Journal of biomedical informatics},
	volume={43},
	number={6},
	pages={962--971},
	year={2010},
	publisher={Elsevier}
}

@article{KPMedisHersh2002factors,
	title={Factors associated with success in searching MEDLINE and applying evidence to answer clinical questions},
	author={Hersh, William R and Crabtree, M Katherine and Hickam, David H and Sacherek, Lynetta and Friedman, Charles P and Tidmarsh, Patricia and Mosbaek, Craig and Kraemer, Dale},
	journal={Journal of the American Medical Informatics Association},
	volume={9},
	number={3},
	pages={283--293},
	year={2002},
	publisher={The Oxford University Press}
}

@article{KPMedisEly1999analysis,
	title={Analysis of questions asked by family doctors regarding patient care},
	author={Ely, John W and Osheroff, Jerome A and Ebell, Mark H and Bergus, George R and Levy, Barcey T and Chambliss, M Lee and Evans, Eric R},
	journal={Bmj},
	volume={319},
	number={7206},
	pages={358--361},
	year={1999},
	publisher={British Medical Journal Publishing Group}
}

@inproceedings{SMRzhou2015end,
	title={End-to-end learning of semantic role labeling using recurrent neural networks.},
	author={Zhou, Jie and Xu, Wei},
	booktitle={ACL (1)},
	pages={1127--1137},
	year={2015}
}

@article{NERlample2016neural,
	title={Neural architectures for named entity recognition},
	author={Lample, Guillaume and Ballesteros, Miguel and Subramanian, Sandeep and Kawakami, Kazuya and Dyer, Chris},
	journal={arXiv preprint arXiv:1603.01360},
	year={2016}
}
@inproceedings{mikolov2010recurrent,
	title={Recurrent neural network based language model.},
	author={Mikolov, Tomas and Karafi{\'a}t, Martin and Burget, Lukas and Cernock{\`y}, Jan and Khudanpur, Sanjeev},
	booktitle={Interspeech},
	volume={2},
	pages={3},
	year={2010}
}

@book{haykin2009neural,
	title={Neural networks and learning machines},
	author={Haykin, Simon S and Haykin, Simon S and Haykin, Simon S and Haykin, Simon S},
	volume={3},
	year={2009},
	publisher={Pearson Upper Saddle River, NJ, USA:}
}

@inproceedings{graves2013speech,
	title={Speech recognition with deep recurrent neural networks},
	author={Graves, Alex and Mohamed, Abdel-rahman and Hinton, Geoffrey},
	booktitle={2013 IEEE international conference on acoustics, speech and signal processing},
	pages={6645--6649},
	year={2013},
	organization={IEEE}
}
@inproceedings{surveyPopulerTerbaruEkp,
  title={Automatic keyphrase extraction: An overview of the state of the art},
  author={Merrouni, Zakariae Alami and Frikh, Bouchra and Ouhbi, Brahim},
  booktitle={Information Science and Technology (CiSt), 2016 4th IEEE International Colloquium on},
  pages={306--313},
  year={2016},
  organization={IEEE}
}
@inproceedings{classDocumentEkp1,
  title={Corephrase: Keyphrase extraction for document clustering},
  author={Hammouda, Khaled M and Matute, Diego N and Kamel, Mohamed S},
  booktitle={International Workshop on Machine Learning and Data Mining in Pattern Recognition},
  pages={265--274},
  year={2005},
  organization={Springer}
}
@inproceedings{classDocumentEkp2,
  title={Web document clustering by using automatic keyphrase extraction},
  author={Han, Juhyun and Kim, Taehwan and Choi, Joongmin},
  booktitle={Proceedings of the 2007 IEEE/WIC/ACM International Conferences on Web Intelligence and Intelligent Agent Technology-Workshops},
  pages={56--59},
  year={2007},
  organization={IEEE Computer Society}
}
@inproceedings{qaEkp,
  title={The structure and performance of an open-domain question answering system},
  author={Moldovan, Dan and Harabagiu, Sanda and Pasca, Marius and Mihalcea, Rada and Girju, Roxana and Goodrum, Richard and Rus, Vasile},
  booktitle={Proceedings of the 38th Annual Meeting on Association for Computational Linguistics},
  pages={563--570},
  year={2000},
  organization={Association for Computational Linguistics}
}
@inproceedings{irEkp,
  title={Phrasier: a system for interactive document retrieval using keyphrases},
  author={Jones, Steve and Staveley, Mark S},
  booktitle={Proceedings of the 22nd annual international ACM SIGIR conference on Research and development in information retrieval},
  pages={160--167},
  year={1999},
  organization={ACM}
}
@article{indexingEkp,
  title={Improving browsing in digital libraries with keyphrase indexes},
  author={Gutwin, Carl and Paynter, Gordon and Witten, Ian and Nevill-Manning, Craig and Frank, Eibe},
  journal={Decision Support Systems},
  volume={27},
  number={1},
  pages={81--104},
  year={1999},
  publisher={Elsevier}
}
@article{queryReformulationEkp,
  title={Improving keyword based web image search with visual feature distribution and term expansion},
  author={Gong, Zhiguo and Liu, Qian},
  journal={Knowledge and Information Systems},
  volume={21},
  number={1},
  pages={113--132},
  year={2009},
  publisher={Springer}
}
@article{rake,
  title={Automatic keyword extraction from individual documents},
  author={Rose, Stuart and Engel, Dave and Cramer, Nick and Cowley, Wendy},
  journal={Text Mining},
  pages={1--20},
  year={2010}
}
@inproceedings{marujoMAUI,
  title={Automatic Keyword Extraction on Twitter.},
  author={Marujo, Luis and Ling, Wang and Trancoso, Isabel and Dyer, Chris and Black, Alan W and Gershman, Anatole and de Matos, David Martins and da Silva Neto, Jo{\~a}o Paulo and Carbonell, Jaime G},
  booktitle={ACL (2)},
  pages={637--643},
  year={2015}
}
@phdthesis{medelyan2009human,
	title={Human-competitive automatic topic indexing},
	author={Medelyan, Olena},
	year={2009},
	school={The University of Waikato}
}
@article{ekpMedicalDocumentHybrid,
  title={A hybrid approach to extract keyphrases from medical documents},
  author={Sarkar, Kamal},
  journal={arXiv preprint arXiv:1303.1441},
  year={2013}
}
@article{ekpNeuralNetworks,
  title={A new approach to keyphrase extraction using neural networks},
  author={Sarkar, Kamal and Nasipuri, Mita and Ghose, Suranjan},
  journal={arXiv preprint arXiv:1004.3274},
  year={2010}
}

@incollection{graves2012neural,
	title={Neural Networks},
	author={Graves, Alex},
	booktitle={Supervised Sequence Labelling with Recurrent Neural Networks},
	pages={15--35},
	year={2012},
	publisher={Springer}
}

@article{hochreiter1997long,
	title={Long short-term memory},
	author={Hochreiter, Sepp and Schmidhuber, J{\"u}rgen},
	journal={Neural computation},
	volume={9},
	number={8},
	pages={1735--1780},
	year={1997},
	publisher={MIT Press}
}

@article{hochreiter1991untersuchungen,
	title={Untersuchungen zu dynamischen neuronalen Netzen},
	author={Hochreiter, Sepp},
	journal={Diploma, Technische Universit{\"a}t M{\"u}nchen},
	pages={91},
	year={1991}
}

@article{bengio2003neural,
  title={A neural probabilistic language model},
  author={Bengio, Yoshua and Ducharme, R{\'e}jean and Vincent, Pascal and Jauvin, Christian},
  journal={Journal of machine learning research},
  volume={3},
  number={Feb},
  pages={1137--1155},
  year={2003}
}

@misc{mikolov2014word2vec,
	title={word2vec},
	author={Mikolov, Tomas and Chen, Kai and Corrado, Greg and Dean, Jeffrey},
	year={2014},
	publisher={accessed 2014-04--15. https://code. google. com/p/word2vec}
}

@article{mikolov2013efficient,
  title={Efficient estimation of word representations in vector space},
  author={Mikolov, Tomas and Chen, Kai and Corrado, Greg and Dean, Jeffrey},
  journal={arXiv preprint arXiv:1301.3781},
  year={2013}
}

@inproceedings{zhang2016keyphrase,
  title={Keyphrase extraction using deep recurrent neural networks on Twitter},
  author={Zhang, Qi and Wang, Yang and Gong, Yeyun and Huang, Xuanjing},
  booktitle={Proceedings of the 2016 Conference on Empirical Methods in Natural Language Processing},
  pages={836--845},
  year={2016}
}

@inproceedings{turian2010word,
	title={Word representations: a simple and general method for semi-supervised learning},
	author={Turian, Joseph and Ratinov, Lev and Bengio, Yoshua},
	booktitle={Proceedings of the 48th annual meeting of the association for computational linguistics},
	pages={384--394},
	year={2010},
	organization={Association for Computational Linguistics}
}


@article{lecun2015deep,
	title={Deep learning},
	author={LeCun, Yann and Bengio, Yoshua and Hinton, Geoffrey},
	journal={Nature},
	volume={521},
	number={7553},
	pages={436--444},
	year={2015},
	publisher={Nature Publishing Group}
}

@article{bengio2007scaling,
	title={Scaling learning algorithms towards AI},
	author={Bengio, Yoshua and LeCun, Yann and others},
	journal={Large-scale kernel machines},
	volume={34},
	number={5},
	year={2007}
}

@bachelorsthesis{skripsiKakRadit,
	author       = {Raditya Herwando}, 
	title        = {Pengenalan Entitas Kesehatan pada Forum Kesehatan Online Berbahasa Indonesia Menggunakan Algoritma Conditional Random Fields},
	school       = {Universitas Indonesia},
	year         = 2016,
	address      = {Kampus UI Depok},
	month        = 7
}
@unpublished{Goodfellow-et-al-2016-Book,
	title={Deep Learning},
	author={Ian Goodfellow and Yoshua Bengio and Aaron Courville},
	note={Book in preparation for MIT Press},
	url={http://www.deeplearningbook.org},
	year={2016}
}
@article{hinton2006fast,
	title={A fast learning algorithm for deep belief nets},
	author={Hinton, Geoffrey E and Osindero, Simon and Teh, Yee-Whye},
	journal={Neural computation},
	volume={18},
	number={7},
	pages={1527--1554},
	year={2006},
	publisher={MIT Press}
}
@article{elman1990finding,
	title={Finding structure in time},
	author={Elman, Jeffrey L},
	journal={Cognitive science},
	volume={14},
	number={2},
	pages={179--211},
	year={1990},
	publisher={Elsevier}
}
@inproceedings{pennington2014glove,
	title={Glove: Global Vectors for Word Representation.},
	author={Pennington, Jeffrey and Socher, Richard and Manning, Christopher D},
	booktitle={EMNLP},
	volume={14},
	pages={1532--43},
	year={2014}
}
@inproceedings{jia2014caffe,
  title={Caffe: Convolutional architecture for fast feature embedding},
  author={Jia, Yangqing and Shelhamer, Evan and Donahue, Jeff and Karayev, Sergey and Long, Jonathan and Girshick, Ross and Guadarrama, Sergio and Darrell, Trevor},
  booktitle={Proceedings of the 22nd ACM international conference on Multimedia},
  pages={675--678},
  year={2014},
  organization={ACM}
}
@article{ma2016end,
  title={End-to-end sequence labeling via bi-directional lstm-cnns-crf},
  author={Ma, Xuezhe and Hovy, Eduard},
  journal={arXiv preprint arXiv:1603.01354},
  year={2016}
}
@inproceedings{shen2014learning,
  title={Learning semantic representations using convolutional neural networks for web search},
  author={Shen, Yelong and He, Xiaodong and Gao, Jianfeng and Deng, Li and Mesnil, Gr{\'e}goire},
  booktitle={Proceedings of the 23rd International Conference on World Wide Web},
  pages={373--374},
  year={2014},
  organization={ACM}
}
@article{chiu2015named,
  title={Named entity recognition with bidirectional LSTM-CNNs},
  author={Chiu, Jason PC and Nichols, Eric},
  journal={arXiv preprint arXiv:1511.08308},
  year={2015}
}
@inproceedings{dos2014learning,
  title={Learning Character-level Representations for Part-of-Speech Tagging.},
  author={dos Santos, C{\'\i}cero Nogueira and Zadrozny, Bianca},
  booktitle={ICML},
  pages={1818--1826},
  year={2014}
}
@article{collobert2011natural,
  title={Natural language processing (almost) from scratch},
  author={Collobert, Ronan and Weston, Jason and Bottou, L{\'e}on and Karlen, Michael and Kavukcuoglu, Koray and Kuksa, Pavel},
  journal={Journal of Machine Learning Research},
  volume={12},
  number={Aug},
  pages={2493--2537},
  year={2011}
}
@inproceedings{karpathy2015deep,
  title={Deep visual-semantic alignments for generating image descriptions},
  author={Karpathy, Andrej and Fei-Fei, Li},
  booktitle={Proceedings of the IEEE Conference on Computer Vision and Pattern Recognition},
  pages={3128--3137},
  year={2015}
}
@article{liu2014recursive,
  title={A recursive recurrent neural network for statistical machine translation},
  author={Liu, Shujie and Yang, Nan and Li, Mu and Zhou, Ming},
  year={2014}
}
@inproceedings{mihalcea2004textrank,
  title={TextRank: Bringing order into texts},
  author={Mihalcea, Rada and Tarau, Paul},
  year={2004},
  organization={Association for Computational Linguistics}
}
@techreport{page1999pagerank,
  title={The PageRank citation ranking: Bringing order to the web.},
  author={Page, Lawrence and Brin, Sergey and Motwani, Rajeev and Winograd, Terry},
  year={1999},
  institution={Stanford InfoLab}
}
@inproceedings{medelyan2010subject,
  title={Subject metadata support powered by Maui},
  author={Medelyan, Olena and Perrone, Vye and Witten, Ian H},
  booktitle={Proceedings of the 10th annual joint conference on Digital libraries},
  pages={407--408},
  year={2010},
  organization={ACM}
}
@misc{olah2014conv,
  title={Conv nets: A modular perspective},
  author={Olah, Christopher},
  year={2014}
}
@inproceedings{pennington2014glove,
  title={Glove: Global Vectors for Word Representation.},
  author={Pennington, Jeffrey and Socher, Richard and Manning, Christopher D},
  booktitle={EMNLP},
  volume={14},
  pages={1532--1543},
  year={2014}
}

@article{mujiono2016new,
	title={A New Data Representation Based on Training Data Characteristics to Extract Drug Named-Entity in Medical Text},
	author={Mujiono, Sadikin and Fanany, Mohamad Ivan and Basaruddin, Chan},
	journal={arXiv preprint arXiv:1610.01891},
	year={2016}
}
@misc{chollet2015keras,
	title={Keras},
	author={Chollet, Fran\c{c}ois},
	year={2015},
	publisher={GitHub},
	howpublished={\url{https://github.com/fchollet/keras}},
}
@inproceedings{abacha2011medical,
	title={Medical entity recognition: A comparison of semantic and statistical methods},
	author={Abacha, Asma Ben and Zweigenbaum, Pierre},
	booktitle={Proceedings of BioNLP 2011 Workshop},
	pages={56--64},
	year={2011},
	organization={Association for Computational Linguistics}
}
@inproceedings{dinakaramani2014designing,
	title={Designing an Indonesian part of speech tagset and manually tagged Indonesian corpus.},
	author={Dinakaramani, Arawinda and Rashel, Fam and Luthfi, Andry and Manurung, Ruli},
	booktitle={IALP},
	pages={66--69},
	year={2014}
}
@inproceedings{toutanova2000enriching,
	title={Enriching the knowledge sources used in a maximum entropy part-of-speech tagger},
	author={Toutanova, Kristina and Manning, Christopher D},
	booktitle={Proceedings of the 2000 Joint SIGDAT conference on Empirical methods in natural language processing and very large corpora: held in conjunction with the 38th Annual Meeting of the Association for Computational Linguistics-Volume 13},
	pages={63--70},
	year={2000},
	organization={Association for Computational Linguistics}
}
@inproceedings{sklearn_api,
  author    = {Lars Buitinck and Gilles Louppe and Mathieu Blondel and
               Fabian Pedregosa and Andreas Mueller and Olivier Grisel and
               Vlad Niculae and Peter Prettenhofer and Alexandre Gramfort
               and Jaques Grobler and Robert Layton and Jake VanderPlas and
               Arnaud Joly and Brian Holt and Ga{\"{e}}l Varoquaux},
  title     = {{API} design for machine learning software: experiences from the scikit-learn
               project},
  booktitle = {ECML PKDD Workshop: Languages for Data Mining and Machine Learning},
  year      = {2013},
  pages = {108--122},
}
@inproceedings{rehurek_lrec,
      title = {{Software Framework for Topic Modelling with Large Corpora}},
      author = {Radim {\v R}eh{\r u}{\v r}ek and Petr Sojka},
      booktitle = {{Proceedings of the LREC 2010 Workshop on New
           Challenges for NLP Frameworks}},
      pages = {45--50},
      year = 2010,
      month = May,
      day = 22,
      publisher = {ELRA},
      address = {Valletta, Malta},
      note={\url{http://is.muni.cz/publication/884893/en}},
      language={English}
}
@article{sparck1972statistical,
	title={A statistical interpretation of term specificity and its application in retrieval},
	author={Sparck Jones, Karen},
	journal={Journal of documentation},
	volume={28},
	number={1},
	pages={11--21},
	year={1972},
	publisher={MCB UP Ltd}
}
@article{zhang2007comparative,
	title={A comparative study on key phrase extraction methods in automatic web site summarization},
	author={Zhang, Yongzheng and Milios, Evangelos and Zincir-Heywood, Nur},
	journal={Journal of Digital Information Management},
	volume={5},
	number={5},
	pages={323},
	year={2007},
	publisher={Citeseer}
}
@article{zhang2008automatic,
	title={Automatic keyword extraction from documents using conditional random fields},
	author={Zhang, Chengzhi},
	journal={Journal of Computational Information Systems},
	volume={4},
	number={3},
	pages={1169--1180},
	year={2008},
	publisher={Binary Information Press}
}
@inproceedings{witten1999kea,
	title={KEA: Practical automatic keyphrase extraction},
	author={Witten, Ian H and Paynter, Gordon W and Frank, Eibe and Gutwin, Carl and Nevill-Manning, Craig G},
	booktitle={Proceedings of the fourth ACM conference on Digital libraries},
	pages={254--255},
	year={1999},
	organization={ACM}
}
